@inproceedings{sarlin20superglue,
  title     = {{SuperGlue}: Learning Feature Matching with Graph Neural Networks},
  author    = {Paul-Edouard Sarlin and
               Daniel DeTone and
               Tomasz Malisiewicz and
               Andrew Rabinovich},
  booktitle = {CVPR},
  year      = {2020},
}
@inproceedings{ZhouCVPRpatch2pix,
        author       = "Zhou, Qunjie and Sattler, Torsten and Leal-Taixe, Laura",
        title        = "Patch2Pix: Epipolar-Guided Pixel-Level Correspondences",
        booktitle    = "CVPR",
        year         = 2021,
}
@article{sun2021loftr,
  title={{LoFTR}: Detector-Free Local Feature Matching with Transformers},
  author={Sun, Jiaming and Shen, Zehong and Wang, Yuang and Bao, Hujun and Zhou, Xiaowei},
  journal={CVPR},
  year={2021}
}
@inproceedings{pielawski2020comir,
 author = {Pielawski, Nicolas and Wetzer, Elisabeth and \"{O}fverstedt, Johan and Lu, Jiahao and W\"{a}hlby, Carolina and Lindblad, Joakim and Sladoje, Nata{\v{s}}a},
 booktitle = {Advances in Neural Information Processing Systems},
 editor = {H. Larochelle and M. Ranzato and R. Hadsell and M. F. Balcan and H. Lin},
 pages = {18433--18444},
 publisher = {Curran Associates, Inc.},
 title = {{CoMIR}: Contrastive Multimodal Image Representation for Registration},
 url = {https://proceedings.neurips.cc/paper/2020/file/d6428eecbe0f7dff83fc607c5044b2b9-Paper.pdf},
 volume = {33},
 year = {2020}
}
@InProceedings{Efe_2021_CVPR,
    author    = {Efe, Ufuk and Ince, Kutalmis Gokalp and Alatan, Aydin},
    title     = {DFM: A Performance Baseline for Deep Feature Matching},
    booktitle = {Proceedings of the IEEE/CVF Conference on Computer Vision and Pattern Recognition (CVPR) Workshops},
    month     = {June},
    year      = {2021},
    pages     = {4284-4293}
}

@misc{DFMcode,
  author = {Efe,U},
  title = {DFM},
  year = {2021},
  publisher = {GitHub},
  journal = {GitHub repository},
  howpublished = {\url{https://github.com/ufukefe/DFM}},
}

@misc{ComirCode,
  author = {MIDAGroup},
  title = {CoMIR},
  year = {2020},
  publisher = {GitHub},
  journal = {GitHub repository},
  howpublished = {\url{https://github.com/MIDA-group/CoMIR}},
}


@misc{loftrcode,
  author = {Sun,J},
  title = {loftr},
  year = {2021},
  publisher = {GitHub},
  journal = {GitHub repository},
  howpublished = {\url{https://github.com/zju3dv/LoFTR}},
}

@misc{patch2pixcode,
  author = {zhou},
  title = {patch2pix},
  year = {2021},
  publisher = {GitHub},
  journal = {GitHub repository},
  howpublished = {\url{https://github.com/GrumpyZhou/patch2pix}},
}

@misc{supergluecode,
  author = {magicleap},
  title = {superglue},
  year = {2020},
  publisher = {GitHub},
  journal = {GitHub repository},
  howpublished = {\url{https://github.com/magicleap/SuperGluePretrainedNetwork}},
}
@article{SuperPoint,
  author    = {Daniel DeTone and
               Tomasz Malisiewicz and
               Andrew Rabinovich},
  title     = {SuperPoint: Self-Supervised Interest Point Detection and Description},
  journal   = {CoRR},
  volume    = {abs/1712.07629},
  year      = {2017},
  url       = {http://arxiv.org/abs/1712.07629},
  eprinttype = {arXiv},
  eprint    = {1712.07629},
  timestamp = {Mon, 13 Aug 2018 16:47:29 +0200},
  biburl    = {https://dblp.org/rec/journals/corr/abs-1712-07629.bib},
  bibsource = {dblp computer science bibliography, https://dblp.org}
}